<record><leader>02073cam a2200457 i 4500</leader><controlfield tag="001">6756488</controlfield><controlfield tag="003">OCoLC</controlfield><controlfield tag="005">20141120101644.0</controlfield><controlfield tag="008">140512t20152015paua     b    001 0 eng  </controlfield><datafield ind1=" " ind2=" " tag="010"><subfield code="a">  2014018636</subfield></datafield><datafield ind1="7" ind2=" " tag="016"><subfield code="a">101632497</subfield><subfield code="2">DNLM</subfield></datafield><datafield ind1=" " ind2=" " tag="020"><subfield code="a">9781451189513 (paperback : alk. paper)</subfield></datafield><datafield ind1=" " ind2=" " tag="020"><subfield code="a">1451189516 (paperback : alk. paper)</subfield></datafield><datafield ind1=" " ind2=" " tag="035"><subfield code="a">ocn879769492</subfield></datafield><datafield ind1=" " ind2=" " tag="040"><subfield code="a">DNLM/DLC</subfield><subfield code="b">eng</subfield><subfield code="e">rda</subfield><subfield code="c">DLC</subfield><subfield code="d">YDX</subfield><subfield code="d">NLM</subfield><subfield code="d">NEH</subfield><subfield code="d">CUI</subfield><subfield code="d">YDXCP</subfield><subfield code="d">UAB</subfield></datafield><datafield ind1=" " ind2=" " tag="042"><subfield code="a">pcc</subfield></datafield><datafield ind1="0" ind2="0" tag="050"><subfield code="a">QM553</subfield><subfield code="b">.G37 2015</subfield></datafield><datafield ind1="1" ind2="0" tag="060"><subfield code="a">QS 18.2 G244c 2015</subfield></datafield><datafield ind1="0" ind2="0" tag="082"><subfield code="a">611/.018</subfield><subfield code="2">23</subfield></datafield><datafield ind1=" " ind2=" " tag="090"><subfield code="a">QM 553 G37 2015</subfield><subfield code="b">AEU</subfield></datafield><datafield ind1="1" ind2=" " tag="100"><subfield code="a">Gartner, Leslie P.,</subfield><subfield code="d">1943-</subfield><subfield code="e">author.</subfield></datafield><datafield ind1="1" ind2="0" tag="245"><subfield code="a">Cell biology and histology /</subfield><subfield code="c">Leslie P. Gartner, PhD (Professor of Anatomy (Retired), Department of Biomedical Sciences, University of Maryland Dental School, Baltimore, Maryland), James L. Hiatt, PhD (Professor Emeritus, Department of Biomedical Sciences, University of Maryland Dental School, Baltimore, Maryland).</subfield></datafield><datafield ind1=" " ind2=" " tag="250"><subfield code="a">Seventh edition.</subfield></datafield><datafield ind1=" " ind2="1" tag="264"><subfield code="a">Philadelphia :</subfield><subfield code="b">Wolters Kluwer Health,</subfield><subfield code="c">[2015]</subfield></datafield><datafield ind1=" " ind2="4" tag="264"><subfield code="c">&#169;2015</subfield></datafield><datafield ind1=" " ind2=" " tag="300"><subfield code="a">x, 422 pages :</subfield><subfield code="b">illustrations (some color) ;</subfield><subfield code="c">26 cm.</subfield></datafield><datafield ind1=" " ind2=" " tag="336"><subfield code="a">text</subfield><subfield code="2">rdacontent</subfield></datafield><datafield ind1=" " ind2=" " tag="337"><subfield code="a">unmediated</subfield><subfield code="2">rdamedia</subfield></datafield><datafield ind1=" " ind2=" " tag="338"><subfield code="a">volume</subfield><subfield code="2">rdacarrier</subfield></datafield><datafield ind1="1" ind2=" " tag="490"><subfield code="a">Board review series</subfield></datafield><datafield ind1=" " ind2=" " tag="504"><subfield code="a">Includes bibliographical references and index.</subfield></datafield><datafield ind1=" " ind2=" " tag="520"><subfield code="a">"This updated Seventh Edition of BRS Cell Biology and Histology includes over 320 USMLE-style questions (with complete answers and explanations), and a comprehensive USMLE-format examination"--Provided by publisher.</subfield></datafield><datafield ind1=" " ind2=" " tag="596"><subfield code="a">42</subfield></datafield><datafield ind1=" " ind2="0" tag="650"><subfield code="a">Histology</subfield><subfield code="v">Outlines, syllabi, etc.</subfield></datafield><datafield ind1=" " ind2="0" tag="650"><subfield code="a">Cytology</subfield><subfield code="v">Outlines, syllabi, etc.</subfield></datafield><datafield ind1="1" ind2="2" tag="650"><subfield code="a">Histological Techniques</subfield><subfield code="v">Outlines.</subfield></datafield><datafield ind1="2" ind2="2" tag="650"><subfield code="a">Cytological Techniques</subfield><subfield code="v">Outlines.</subfield></datafield><datafield ind1="1" ind2=" " tag="700"><subfield code="a">Hiatt, James L.,</subfield><subfield code="d">1934-</subfield><subfield code="e">author.</subfield></datafield><datafield ind1=" " ind2="0" tag="830"><subfield code="a">Board review series.</subfield></datafield><datafield ind1=" " ind2=" " tag="949"><subfield code="a">QM 553 G37 2015</subfield><subfield code="c">1</subfield><subfield code="h">UAHL-B</subfield><subfield code="i">0162035195252</subfield></datafield><datafield ind1=" " ind2=" " tag="926"><subfield code="a">QM 553 G37 2015</subfield><subfield code="w">LC</subfield><subfield code="c">1</subfield><subfield code="i">0162035195252</subfield><subfield code="d">9/23/2016</subfield><subfield code="e">9/4/2016</subfield><subfield code="l">ON_SHELF</subfield><subfield code="m">UAHLTHSC</subfield><subfield code="n">3</subfield><subfield code="p">$150.00</subfield><subfield code="r">Y</subfield><subfield code="s">Y</subfield><subfield code="t">BOOK</subfield><subfield code="u">12/9/2014</subfield></datafield></record>